<?xml version = "1.0" encoding = "UTF-8"?><record>
  <leader>03241nmm#a2200565#c#4500</leader>
  <controlfield tag="005">20210409071925.0</controlfield>
  <controlfield tag="007">cr#|||||||||||</controlfield>
  <controlfield tag="008">150420|1805####xx######o##|########ger#c</controlfield>
  <controlfield tag="003">DE-605</controlfield>
  <controlfield tag="001">990197598000206441</controlfield>
  <datafield tag="024" ind1="7" ind2=" ">
    <subfield code="a">urn:nbn:de:hbz:061:2-46125</subfield>
    <subfield code="2">urn</subfield>
  </datafield>
  <datafield tag="033" ind1=" " ind2=" ">
    <subfield code="a">1805-04-17</subfield>
  </datafield>
  <datafield tag="035" ind1=" " ind2=" ">
    <subfield code="a">(DE-605)CT003012479</subfield>
  </datafield>
  <datafield tag="040" ind1=" " ind2=" ">
    <subfield code="a">61</subfield>
    <subfield code="b">ger</subfield>
    <subfield code="e">rakwb</subfield>
  </datafield>
  <datafield tag="041" ind1=" " ind2=" ">
    <subfield code="a">ger</subfield>
  </datafield>
  <datafield tag="044" ind1=" " ind2=" ">
    <subfield code="c">XA-DXDE</subfield>
  </datafield>
  <datafield tag="130" ind1="0" ind2=" ">
    <subfield code="a">&lt;&lt;La&gt;&gt; Belisa Ossia La Fedelt&#225; Riconosciuta</subfield>
  </datafield>
  <datafield tag="245" ind1="1" ind2="0">
    <subfield code="a">Elise, Gr&#228;finn von Hillburg</subfield>
    <subfield code="h">Elektronische Ressource</subfield>
    <subfield code="b">... wird heute Mittwoch den 17ten April die hier anwesende deutsche Schauspieler-Gesellschaft (Zum Letztenmale) die Ehre haben aufzuf&#252;hren ; Abonnement suspendu ; eine ganz neue gro&#223;e komische Oper in 2 Aufz&#252;gen</subfield>
    <subfield code="c">die Musik ist von dem ber&#252;hmten Kapellmeister Winter, Compositeur der Oper: Das unterbrochene Opferfest. [Textverf.: Alessandro Ercole Pepoli. &#220;bers. und arrang. von Carl Ludwig von Giesecke]. Personen: Madam Bilau, Herr Fuchs, Madam B&#246;hm d.j., Madam B&#246;hm d.&#228;., Herr Kellermann, Herr Dardenne, Herr Krug, Madam Annoni, Herr B&#246;hm</subfield>
  </datafield>
  <datafield tag="246" ind1="3" ind2=" ">
    <subfield code="a">Elise, Gr&#228;fin von Hartburg</subfield>
  </datafield>
  <datafield tag="246" ind1="3" ind2=" ">
    <subfield code="a">Elisa, Gr&#228;fin von Hildburg</subfield>
  </datafield>
  <datafield tag="249" ind1=" " ind2=" ">
    <subfield code="a">Zum Beschlu&#223; wird Mad. B&#246;hm d.j. eine Dankrede halten, welche gedruckt an der Kassa zu kaufen ist</subfield>
  </datafield>
  <datafield tag="264" ind1=" " ind2="1">
    <subfield code="a">[D&#252;sseldorf]</subfield>
    <subfield code="b">B&#246;gemann</subfield>
    <subfield code="c">1805</subfield>
  </datafield>
  <datafield tag="300" ind1=" " ind2=" ">
    <subfield code="a">1 Plakat : sw ; 33 x 29 cm</subfield>
  </datafield>
  <datafield tag="340" ind1=" " ind2=" ">
    <subfield code="a">Online-Ressource</subfield>
    <subfield code="9">F:652a</subfield>
  </datafield>
  <datafield tag="500" ind1=" " ind2=" ">
    <subfield code="a">Vorlageform: Gedruckt in der B&#246;geman&apos;schen Buchdruckerey</subfield>
    <subfield code="9">F:511</subfield>
  </datafield>
  <datafield tag="533" ind1=" " ind2=" ">
    <subfield code="a">Digitalisierte Ausg.</subfield>
    <subfield code="b">D&#252;sseldorf</subfield>
    <subfield code="c">Universit&#228;ts- und Landesbibliothek</subfield>
    <subfield code="d">2015</subfield>
    <subfield code="f">Digitale Sammlungen der Universit&#228;ts- und Landesbibliothek D&#252;sseldorf</subfield>
  </datafield>
  <datafield tag="546" ind1=" " ind2=" ">
    <subfield code="a">In Fraktur</subfield>
  </datafield>
  <datafield tag="700" ind1="1" ind2=" ">
    <subfield code="a">Winter, Peter &lt;&lt;von&gt;&gt;</subfield>
    <subfield code="d">1754-1825</subfield>
    <subfield code="0">(DE-588)119055716</subfield>
    <subfield code="4">cmp</subfield>
    <subfield code="B">GND-119055716</subfield>
  </datafield>
  <datafield tag="700" ind1="1" ind2=" ">
    <subfield code="a">Pepoli, Alessandro Ercole</subfield>
    <subfield code="d">1757-1796</subfield>
    <subfield code="0">(DE-588)123633206</subfield>
    <subfield code="4">wst</subfield>
    <subfield code="0">(uri) https://portal.dnb.de/opac.htm?method=simpleSearch&amp;cqlMode=true&amp;query=idn=123633206</subfield>
    <subfield code="0">(uri) http://viaf.org/viaf/sourceID/DNB|123633206</subfield>
    <subfield code="B">GND-123633206</subfield>
  </datafield>
  <datafield tag="700" ind1="1" ind2=" ">
    <subfield code="a">Giesecke, Carl Ludwig &lt;&lt;von&gt;&gt;</subfield>
    <subfield code="d">1761-1833</subfield>
    <subfield code="0">(DE-588)116620153</subfield>
    <subfield code="4">oth</subfield>
    <subfield code="e">Bearb.</subfield>
    <subfield code="B">GND-116620153</subfield>
  </datafield>
  <datafield tag="700" ind1="1" ind2=" ">
    <subfield code="a">Bilau, Margarete</subfield>
    <subfield code="d">1768-</subfield>
    <subfield code="0">(DE-588)141927135</subfield>
    <subfield code="4">act</subfield>
    <subfield code="0">(uri) https://portal.dnb.de/opac.htm?method=simpleSearch&amp;cqlMode=true&amp;query=idn=141927135</subfield>
    <subfield code="0">(uri) http://viaf.org/viaf/sourceID/DNB|141927135</subfield>
    <subfield code="B">GND-141927135</subfield>
  </datafield>
  <datafield tag="700" ind1="1" ind2=" ">
    <subfield code="a">Fuchs, ...</subfield>
    <subfield code="0">(DE-588)142027901</subfield>
    <subfield code="4">act</subfield>
    <subfield code="0">(uri) https://portal.dnb.de/opac.htm?method=simpleSearch&amp;cqlMode=true&amp;query=idn=142027901</subfield>
    <subfield code="0">(uri) http://viaf.org/viaf/sourceID/DNB|142027901</subfield>
    <subfield code="B">GND-142027901</subfield>
  </datafield>
  <datafield tag="700" ind1="1" ind2=" ">
    <subfield code="a">Bilau, Wilhelmine</subfield>
    <subfield code="d">1787-1805</subfield>
    <subfield code="0">(DE-588)14216075X</subfield>
    <subfield code="4">act</subfield>
    <subfield code="0">(uri) https://portal.dnb.de/opac.htm?method=simpleSearch&amp;cqlMode=true&amp;query=idn=14216075X</subfield>
    <subfield code="0">(uri) http://viaf.org/viaf/sourceID/DNB|14216075X</subfield>
  </datafield>
  <datafield tag="700" ind1="1" ind2=" ">
    <subfield code="a">B&#246;hm, Marianne</subfield>
    <subfield code="d">1750-1810</subfield>
    <subfield code="0">(DE-588)118512536</subfield>
    <subfield code="4">act</subfield>
    <subfield code="0">(uri) https://portal.dnb.de/opac.htm?method=simpleSearch&amp;cqlMode=true&amp;query=idn=118512536</subfield>
    <subfield code="0">(uri) http://viaf.org/viaf/sourceID/DNB|118512536</subfield>
    <subfield code="B">GND-118512536</subfield>
  </datafield>
  <datafield tag="700" ind1="1" ind2=" ">
    <subfield code="a">Kellermann, ...</subfield>
    <subfield code="0">(DE-588)1041277814</subfield>
    <subfield code="4">act</subfield>
    <subfield code="0">(uri) https://portal.dnb.de/opac.htm?method=simpleSearch&amp;cqlMode=true&amp;query=idn=1041277814</subfield>
    <subfield code="0">(uri) http://viaf.org/viaf/sourceID/DNB|1041277814</subfield>
    <subfield code="B">GND-1041277814</subfield>
  </datafield>
  <datafield tag="700" ind1="1" ind2=" ">
    <subfield code="a">Dardenne, ...</subfield>
    <subfield code="0">(DE-588)141834919</subfield>
    <subfield code="4">act</subfield>
    <subfield code="0">(uri) https://portal.dnb.de/opac.htm?method=simpleSearch&amp;cqlMode=true&amp;query=idn=141834919</subfield>
    <subfield code="0">(uri) http://viaf.org/viaf/sourceID/DNB|141834919</subfield>
    <subfield code="B">GND-141834919</subfield>
  </datafield>
  <datafield tag="700" ind1="1" ind2=" ">
    <subfield code="a">Krug, ...</subfield>
    <subfield code="0">(DE-588)141889810</subfield>
    <subfield code="4">act</subfield>
    <subfield code="0">(uri) https://portal.dnb.de/opac.htm?method=simpleSearch&amp;cqlMode=true&amp;query=idn=141889810</subfield>
    <subfield code="0">(uri) http://viaf.org/viaf/sourceID/DNB|141889810</subfield>
    <subfield code="B">GND-141889810</subfield>
  </datafield>
  <datafield tag="700" ind1="1" ind2=" ">
    <subfield code="a">Annoni, ...</subfield>
    <subfield code="0">(DE-588)142061166</subfield>
    <subfield code="4">act</subfield>
    <subfield code="0">(uri) https://portal.dnb.de/opac.htm?method=simpleSearch&amp;cqlMode=true&amp;query=idn=142061166</subfield>
    <subfield code="0">(uri) http://viaf.org/viaf/sourceID/DNB|142061166</subfield>
    <subfield code="B">GND-142061166</subfield>
  </datafield>
  <datafield tag="700" ind1="1" ind2=" ">
    <subfield code="a">B&#246;hm, Johann</subfield>
    <subfield code="c">der J&#252;ngere</subfield>
    <subfield code="d">1777-</subfield>
    <subfield code="0">(DE-588)141891173</subfield>
    <subfield code="4">act</subfield>
    <subfield code="0">(uri) https://portal.dnb.de/opac.htm?method=simpleSearch&amp;cqlMode=true&amp;query=idn=141891173</subfield>
    <subfield code="0">(uri) http://viaf.org/viaf/sourceID/DNB|141891173</subfield>
    <subfield code="B">GND-141891173</subfield>
  </datafield>
  <datafield tag="700" ind1="1" ind2=" ">
    <subfield code="a">Bilau, Wilhelmine</subfield>
    <subfield code="d">1787-1805</subfield>
    <subfield code="9">O:800</subfield>
    <subfield code="0">(DE-588)14216075X</subfield>
    <subfield code="4">aut</subfield>
    <subfield code="e">[Sprecher]</subfield>
    <subfield code="0">(uri) https://portal.dnb.de/opac.htm?method=simpleSearch&amp;cqlMode=true&amp;query=idn=14216075X</subfield>
    <subfield code="0">(uri) http://viaf.org/viaf/sourceID/DNB|14216075X</subfield>
  </datafield>
  <datafield tag="700" ind1="1" ind2="2">
    <subfield code="a">Bilau, Wilhelmine</subfield>
    <subfield code="d">1787-1805</subfield>
    <subfield code="t">Dankrede</subfield>
    <subfield code="9">O:805b</subfield>
    <subfield code="e">[Sprecher]</subfield>
  </datafield>
  <datafield tag="710" ind1="2" ind2=" ">
    <subfield code="a">Deutsche Schauspieler-Gesellschaft</subfield>
    <subfield code="g">D&#252;sseldorf</subfield>
    <subfield code="0">(DE-588)16068028-1</subfield>
    <subfield code="4">oth</subfield>
    <subfield code="0">(uri) https://portal.dnb.de/opac.htm?method=simpleSearch&amp;cqlMode=true&amp;query=idn=1003130208</subfield>
    <subfield code="0">(uri) http://viaf.org/viaf/sourceID/DNB|1003130208</subfield>
    <subfield code="B">GND-1003130208</subfield>
  </datafield>
  <datafield tag="776" ind1="0" ind2="8">
    <subfield code="i">Elektronische Reproduktion von</subfield>
    <subfield code="t">Elise, Gr&#228;finn von Hillburg</subfield>
    <subfield code="k">Mit gn&#228;digster Erlaubnis ... wird aufgef&#252;hrt ; 1805,04,17</subfield>
    <subfield code="w">(DE-605)HT016511663</subfield>
  </datafield>
  <datafield tag="856" ind1="4" ind2=" ">
    <subfield code="q">text/html</subfield>
    <subfield code="u">http://nbn-resolving.de/urn:nbn:de:hbz:061:2-46125</subfield>
    <subfield code="x">Resolving-System</subfield>
    <subfield code="z">kostenfrei</subfield>
    <subfield code="3">Volltext</subfield>
  </datafield>
  <datafield tag="960" ind1="1" ind2=" ">
    <subfield code="b">Theaterzettel</subfield>
  </datafield>
  <datafield tag="962" ind1=" " ind2=" ">
    <subfield code="e">ldd</subfield>
    <subfield code="e">vl-ulbd</subfield>
  </datafield>
  <datafield tag="964" ind1="0" ind2="s">
    <subfield code="F">030</subfield>
    <subfield code="A">a|1uc||||||37</subfield>
  </datafield>
  <datafield tag="964" ind1="0" ind2="s">
    <subfield code="F">050</subfield>
    <subfield code="A">||||||||g|||||</subfield>
  </datafield>
  <datafield tag="964" ind1="0" ind2="s">
    <subfield code="F">051</subfield>
    <subfield code="A">s|||||||</subfield>
  </datafield>
  <datafield tag="035" ind1=" " ind2=" ">
    <subfield code="a">(DE-599)HBZCT003012479</subfield>
  </datafield>
  <datafield tag="MBD" ind1=" " ind2=" ">
    <subfield code="M">49HBZ_NETWORK</subfield>
    <subfield code="i">990197598000206441</subfield>
    <subfield code="n">HBZ Network</subfield>
  </datafield>
  <datafield tag="MNG" ind1=" " ind2=" ">
    <subfield code="c">System</subfield>
    <subfield code="f">ILS</subfield>
    <subfield code="i">marc21</subfield>
    <subfield code="k">01</subfield>
    <subfield code="e">false</subfield>
    <subfield code="d">2021-04-30 04:26:23 Europe/Berlin</subfield>
    <subfield code="g">019759800-HBZ01</subfield>
    <subfield code="j">60</subfield>
    <subfield code="a">import</subfield>
    <subfield code="b">2021-04-05 09:49:30 Europe/Berlin</subfield>
  </datafield>
  <datafield tag="POR" ind1=" " ind2=" ">
    <subfield code="j">Digitalisate VL</subfield>
    <subfield code="x">System</subfield>
    <subfield code="a">53733409650006441</subfield>
    <subfield code="M">49HBZ_NETWORK</subfield>
    <subfield code="p">61738769260006441</subfield>
    <subfield code="q">Digitalisate Visual Library - Visual library ULB D&#252;sseldorf (vl-ulbd)</subfield>
    <subfield code="c">static</subfield>
    <subfield code="l">kostenfrei</subfield>
    <subfield code="A">49HBZ_DUE</subfield>
    <subfield code="y">2021-04-16 12:37:28 Europe/Berlin</subfield>
    <subfield code="w">2021-04-06 12:23:36 Europe/Berlin</subfield>
    <subfield code="D">https://eu04.alma.exlibrisgroup.com/view/uresolver/49HBZ_NETWORK/openurl?u.ignore_date_coverage=true&amp;portfolio_pid=53733409650006441&amp;Force_direct=true</subfield>
    <subfield code="v">P2E_JOB</subfield>
    <subfield code="z">2021-04-06 10:23:36</subfield>
    <subfield code="i">false</subfield>
    <subfield code="S">62738769250006441</subfield>
    <subfield code="d">https://hbz-network.userservices.exlibrisgroup.com/view/uresolver/49HBZ_NETWORK/openurl?u.ignore_date_coverage=true&amp;rft.mms_id=990197598000206441</subfield>
    <subfield code="b">Available</subfield>
    <subfield code="f">DOCUMENT</subfield>
    <subfield code="8">53733409650006441</subfield>
  </datafield>
  <datafield tag="GSI" ind1="7" ind2=" ">
    <subfield code="a">http://d-nb.info/gnd/16068028-1</subfield>
    <subfield code="2">uri</subfield>
    <subfield code="A">GND</subfield>
    <subfield code="B">GND-1003130208</subfield>
    <subfield code="C">024</subfield>
  </datafield>
  <datafield tag="GPN" ind1="1" ind2=" ">
    <subfield code="a">Bo&#776;hm, ...</subfield>
    <subfield code="c">die Ju&#776;ngere</subfield>
    <subfield code="d">1787-1805</subfield>
    <subfield code="4">nasp</subfield>
    <subfield code="4">http://d-nb.info/standards/elementset/gnd#LaterNameOfThePerson</subfield>
    <subfield code="w">r</subfield>
    <subfield code="i">Spaeterer Name</subfield>
    <subfield code="e">Spaeterer Name</subfield>
    <subfield code="9">v:so bezeichnet ab Winter 1804</subfield>
    <subfield code="A">GND</subfield>
    <subfield code="B">GND-14216075X</subfield>
    <subfield code="C">400</subfield>
  </datafield>
  <datafield tag="GPN" ind1="1" ind2=" ">
    <subfield code="a">Bo&#776;hm, Wilhelmine</subfield>
    <subfield code="d">1787-1805</subfield>
    <subfield code="4">nasp</subfield>
    <subfield code="4">http://d-nb.info/standards/elementset/gnd#LaterNameOfThePerson</subfield>
    <subfield code="w">r</subfield>
    <subfield code="i">Spaeterer Name</subfield>
    <subfield code="e">Spaeterer Name</subfield>
    <subfield code="A">GND</subfield>
    <subfield code="B">GND-14216075X</subfield>
    <subfield code="C">400</subfield>
  </datafield>
  <datafield tag="GPN" ind1="1" ind2=" ">
    <subfield code="a">Bilau, ...</subfield>
    <subfield code="c">Demoiselle</subfield>
    <subfield code="d">1787-1805</subfield>
    <subfield code="9">v:so bezeichnet bis Winter 1804</subfield>
    <subfield code="A">GND</subfield>
    <subfield code="B">GND-14216075X</subfield>
    <subfield code="C">400</subfield>
  </datafield>
  <datafield tag="GSI" ind1="7" ind2=" ">
    <subfield code="a">http://d-nb.info/gnd/14216075X</subfield>
    <subfield code="2">uri</subfield>
    <subfield code="A">GND</subfield>
    <subfield code="B">GND-14216075X</subfield>
    <subfield code="C">024</subfield>
  </datafield>
  <datafield tag="GPN" ind1="1" ind2=" ">
    <subfield code="a">Bo&#776;hm, ...</subfield>
    <subfield code="c">der Ju&#776;ngere</subfield>
    <subfield code="d">1777-</subfield>
    <subfield code="A">GND</subfield>
    <subfield code="B">GND-141891173</subfield>
    <subfield code="C">400</subfield>
  </datafield>
  <datafield tag="GSI" ind1="7" ind2=" ">
    <subfield code="a">http://d-nb.info/gnd/141891173</subfield>
    <subfield code="2">uri</subfield>
    <subfield code="A">GND</subfield>
    <subfield code="B">GND-141891173</subfield>
    <subfield code="C">024</subfield>
  </datafield>
  <datafield tag="GSI" ind1="7" ind2=" ">
    <subfield code="a">142061166</subfield>
    <subfield code="0">http://d-nb.info/gnd/142061166</subfield>
    <subfield code="2">gnd</subfield>
    <subfield code="A">GND</subfield>
    <subfield code="B">GND-142061166</subfield>
    <subfield code="C">024</subfield>
  </datafield>
  <datafield tag="GSI" ind1="7" ind2=" ">
    <subfield code="a">http://d-nb.info/gnd/141889810</subfield>
    <subfield code="2">uri</subfield>
    <subfield code="A">GND</subfield>
    <subfield code="B">GND-141889810</subfield>
    <subfield code="C">024</subfield>
  </datafield>
  <datafield tag="GSI" ind1="7" ind2=" ">
    <subfield code="a">141834919</subfield>
    <subfield code="0">http://d-nb.info/gnd/141834919</subfield>
    <subfield code="2">gnd</subfield>
    <subfield code="A">GND</subfield>
    <subfield code="B">GND-141834919</subfield>
    <subfield code="C">024</subfield>
  </datafield>
  <datafield tag="GSI" ind1="7" ind2=" ">
    <subfield code="a">1041277814</subfield>
    <subfield code="0">http://d-nb.info/gnd/1041277814</subfield>
    <subfield code="2">gnd</subfield>
    <subfield code="A">GND</subfield>
    <subfield code="B">GND-1041277814</subfield>
    <subfield code="C">024</subfield>
  </datafield>
  <datafield tag="GSI" ind1="7" ind2=" ">
    <subfield code="a">http://d-nb.info/gnd/118512536</subfield>
    <subfield code="2">uri</subfield>
    <subfield code="A">GND</subfield>
    <subfield code="B">GND-118512536</subfield>
    <subfield code="C">024</subfield>
  </datafield>
  <datafield tag="GPN" ind1="1" ind2=" ">
    <subfield code="a">Bo&#776;hm, ...</subfield>
    <subfield code="c">die Ju&#776;ngere</subfield>
    <subfield code="d">1787-1805</subfield>
    <subfield code="4">nasp</subfield>
    <subfield code="4">http://d-nb.info/standards/elementset/gnd#LaterNameOfThePerson</subfield>
    <subfield code="w">r</subfield>
    <subfield code="i">Spaeterer Name</subfield>
    <subfield code="e">Spaeterer Name</subfield>
    <subfield code="9">v:so bezeichnet ab Winter 1804</subfield>
    <subfield code="A">GND</subfield>
    <subfield code="B">GND-14216075X</subfield>
    <subfield code="C">400</subfield>
  </datafield>
  <datafield tag="GPN" ind1="1" ind2=" ">
    <subfield code="a">Bo&#776;hm, Wilhelmine</subfield>
    <subfield code="d">1787-1805</subfield>
    <subfield code="4">nasp</subfield>
    <subfield code="4">http://d-nb.info/standards/elementset/gnd#LaterNameOfThePerson</subfield>
    <subfield code="w">r</subfield>
    <subfield code="i">Spaeterer Name</subfield>
    <subfield code="e">Spaeterer Name</subfield>
    <subfield code="A">GND</subfield>
    <subfield code="B">GND-14216075X</subfield>
    <subfield code="C">400</subfield>
  </datafield>
  <datafield tag="GPN" ind1="1" ind2=" ">
    <subfield code="a">Bilau, ...</subfield>
    <subfield code="c">Demoiselle</subfield>
    <subfield code="d">1787-1805</subfield>
    <subfield code="9">v:so bezeichnet bis Winter 1804</subfield>
    <subfield code="A">GND</subfield>
    <subfield code="B">GND-14216075X</subfield>
    <subfield code="C">400</subfield>
  </datafield>
  <datafield tag="GSI" ind1="7" ind2=" ">
    <subfield code="a">http://d-nb.info/gnd/14216075X</subfield>
    <subfield code="2">uri</subfield>
    <subfield code="A">GND</subfield>
    <subfield code="B">GND-14216075X</subfield>
    <subfield code="C">024</subfield>
  </datafield>
  <datafield tag="GSI" ind1="7" ind2=" ">
    <subfield code="a">http://d-nb.info/gnd/142027901</subfield>
    <subfield code="2">uri</subfield>
    <subfield code="A">GND</subfield>
    <subfield code="B">GND-142027901</subfield>
    <subfield code="C">024</subfield>
  </datafield>
  <datafield tag="GPN" ind1="1" ind2=" ">
    <subfield code="a">Bilau, ...</subfield>
    <subfield code="d">1768-</subfield>
    <subfield code="A">GND</subfield>
    <subfield code="B">GND-141927135</subfield>
    <subfield code="C">400</subfield>
  </datafield>
  <datafield tag="GSI" ind1="7" ind2=" ">
    <subfield code="a">http://d-nb.info/gnd/141927135</subfield>
    <subfield code="2">uri</subfield>
    <subfield code="A">GND</subfield>
    <subfield code="B">GND-141927135</subfield>
    <subfield code="C">024</subfield>
  </datafield>
  <datafield tag="GPN" ind1="1" ind2=" ">
    <subfield code="a">Gieseke, Carl Ludwig &lt;&lt;von&gt;&gt;</subfield>
    <subfield code="d">1761-1833</subfield>
    <subfield code="A">GND</subfield>
    <subfield code="B">GND-116620153</subfield>
    <subfield code="C">400</subfield>
  </datafield>
  <datafield tag="GPN" ind1="1" ind2=" ">
    <subfield code="a">Gieseke, Carl Ludwig</subfield>
    <subfield code="d">1761-1833</subfield>
    <subfield code="A">GND</subfield>
    <subfield code="B">GND-116620153</subfield>
    <subfield code="C">400</subfield>
  </datafield>
  <datafield tag="GPN" ind1="1" ind2=" ">
    <subfield code="a">Gieseke, Carl L.</subfield>
    <subfield code="d">1761-1833</subfield>
    <subfield code="A">GND</subfield>
    <subfield code="B">GND-116620153</subfield>
    <subfield code="C">400</subfield>
  </datafield>
  <datafield tag="GPN" ind1="1" ind2=" ">
    <subfield code="a">Gieseke, Karl L.</subfield>
    <subfield code="d">1761-1833</subfield>
    <subfield code="A">GND</subfield>
    <subfield code="B">GND-116620153</subfield>
    <subfield code="C">400</subfield>
  </datafield>
  <datafield tag="GPN" ind1="1" ind2=" ">
    <subfield code="a">Gieseke, Karl Ludwig &lt;&lt;von&gt;&gt;</subfield>
    <subfield code="d">1761-1833</subfield>
    <subfield code="A">GND</subfield>
    <subfield code="B">GND-116620153</subfield>
    <subfield code="C">400</subfield>
  </datafield>
  <datafield tag="GPN" ind1="1" ind2=" ">
    <subfield code="a">Gieseke, Charles Lewis</subfield>
    <subfield code="d">1761-1833</subfield>
    <subfield code="A">GND</subfield>
    <subfield code="B">GND-116620153</subfield>
    <subfield code="C">400</subfield>
  </datafield>
  <datafield tag="GPN" ind1="1" ind2=" ">
    <subfield code="a">Giesecke, Karl Ludwig &lt;&lt;von&gt;&gt;</subfield>
    <subfield code="d">1761-1833</subfield>
    <subfield code="A">GND</subfield>
    <subfield code="B">GND-116620153</subfield>
    <subfield code="C">400</subfield>
  </datafield>
  <datafield tag="GPN" ind1="1" ind2=" ">
    <subfield code="a">Giesecke, Karl</subfield>
    <subfield code="d">1761-1833</subfield>
    <subfield code="A">GND</subfield>
    <subfield code="B">GND-116620153</subfield>
    <subfield code="C">400</subfield>
  </datafield>
  <datafield tag="GPN" ind1="1" ind2=" ">
    <subfield code="a">Giesecke, Carl</subfield>
    <subfield code="d">1761-1833</subfield>
    <subfield code="A">GND</subfield>
    <subfield code="B">GND-116620153</subfield>
    <subfield code="C">400</subfield>
  </datafield>
  <datafield tag="GPN" ind1="1" ind2=" ">
    <subfield code="a">Giesecke, Carl L.</subfield>
    <subfield code="d">1761-1833</subfield>
    <subfield code="A">GND</subfield>
    <subfield code="B">GND-116620153</subfield>
    <subfield code="C">400</subfield>
  </datafield>
  <datafield tag="GPN" ind1="1" ind2=" ">
    <subfield code="a">Giesecke, Charles L.</subfield>
    <subfield code="d">1761-1833</subfield>
    <subfield code="A">GND</subfield>
    <subfield code="B">GND-116620153</subfield>
    <subfield code="C">400</subfield>
  </datafield>
  <datafield tag="GPN" ind1="1" ind2=" ">
    <subfield code="a">Giesecke, Charles Lewis</subfield>
    <subfield code="d">1761-1833</subfield>
    <subfield code="A">GND</subfield>
    <subfield code="B">GND-116620153</subfield>
    <subfield code="C">400</subfield>
  </datafield>
  <datafield tag="GPN" ind1="1" ind2=" ">
    <subfield code="a">Giesecke, Charles</subfield>
    <subfield code="d">1761-1833</subfield>
    <subfield code="A">GND</subfield>
    <subfield code="B">GND-116620153</subfield>
    <subfield code="C">400</subfield>
  </datafield>
  <datafield tag="GPN" ind1="1" ind2=" ">
    <subfield code="a">Giesecke, Johann George Carl Ludwig</subfield>
    <subfield code="d">1761-1833</subfield>
    <subfield code="A">GND</subfield>
    <subfield code="B">GND-116620153</subfield>
    <subfield code="C">400</subfield>
  </datafield>
  <datafield tag="GPN" ind1="1" ind2=" ">
    <subfield code="a">Giesecke, Joh. Georg Karl</subfield>
    <subfield code="d">1761-1833</subfield>
    <subfield code="A">GND</subfield>
    <subfield code="B">GND-116620153</subfield>
    <subfield code="C">400</subfield>
  </datafield>
  <datafield tag="GPN" ind1="1" ind2=" ">
    <subfield code="a">Giesecke, Johann G.</subfield>
    <subfield code="d">1761-1833</subfield>
    <subfield code="A">GND</subfield>
    <subfield code="B">GND-116620153</subfield>
    <subfield code="C">400</subfield>
  </datafield>
  <datafield tag="GPN" ind1="1" ind2=" ">
    <subfield code="a">Giesecke, Johann Georg Karl</subfield>
    <subfield code="d">1761-1833</subfield>
    <subfield code="A">GND</subfield>
    <subfield code="B">GND-116620153</subfield>
    <subfield code="C">400</subfield>
  </datafield>
  <datafield tag="GPN" ind1="1" ind2=" ">
    <subfield code="a">Giesecke, J. G. K.</subfield>
    <subfield code="d">1761-1833</subfield>
    <subfield code="A">GND</subfield>
    <subfield code="B">GND-116620153</subfield>
    <subfield code="C">400</subfield>
  </datafield>
  <datafield tag="GPN" ind1="1" ind2=" ">
    <subfield code="a">Giesecke, ...</subfield>
    <subfield code="d">1761-1833</subfield>
    <subfield code="A">GND</subfield>
    <subfield code="B">GND-116620153</subfield>
    <subfield code="C">400</subfield>
  </datafield>
  <datafield tag="GPN" ind1="1" ind2=" ">
    <subfield code="a">Metzler, Johann Georg &lt;&lt;von&gt;&gt;</subfield>
    <subfield code="d">1761-1833</subfield>
    <subfield code="4">nawi</subfield>
    <subfield code="4">https://d-nb.info/standards/elementset/gnd#realIdentity</subfield>
    <subfield code="w">r</subfield>
    <subfield code="i">Wirklicher Name</subfield>
    <subfield code="e">Wirklicher Name</subfield>
    <subfield code="A">GND</subfield>
    <subfield code="B">GND-116620153</subfield>
    <subfield code="C">400</subfield>
  </datafield>
  <datafield tag="GPN" ind1="1" ind2=" ">
    <subfield code="a">Metzler, Johann G.</subfield>
    <subfield code="d">1761-1833</subfield>
    <subfield code="A">GND</subfield>
    <subfield code="B">GND-116620153</subfield>
    <subfield code="C">400</subfield>
  </datafield>
  <datafield tag="GPN" ind1="1" ind2=" ">
    <subfield code="a">Mezler, Johann G.</subfield>
    <subfield code="d">1761-1833</subfield>
    <subfield code="A">GND</subfield>
    <subfield code="B">GND-116620153</subfield>
    <subfield code="C">400</subfield>
  </datafield>
  <datafield tag="GPN" ind1="1" ind2=" ">
    <subfield code="a">Gieseke, Karl Ludwig</subfield>
    <subfield code="d">1761-1833</subfield>
    <subfield code="A">GND</subfield>
    <subfield code="B">GND-116620153</subfield>
    <subfield code="C">400</subfield>
  </datafield>
  <datafield tag="GPN" ind1="1" ind2=" ">
    <subfield code="a">Giesecke, Carl Ludwig</subfield>
    <subfield code="d">1761-1833</subfield>
    <subfield code="A">GND</subfield>
    <subfield code="B">GND-116620153</subfield>
    <subfield code="C">400</subfield>
  </datafield>
  <datafield tag="GPN" ind1="1" ind2=" ">
    <subfield code="a">Giesecke, Ludwig</subfield>
    <subfield code="d">1761-1833</subfield>
    <subfield code="A">GND</subfield>
    <subfield code="B">GND-116620153</subfield>
    <subfield code="C">400</subfield>
  </datafield>
  <datafield tag="GPN" ind1="1" ind2=" ">
    <subfield code="a">Metzler, Johann Georg Karl</subfield>
    <subfield code="d">1761-1833</subfield>
    <subfield code="A">GND</subfield>
    <subfield code="B">GND-116620153</subfield>
    <subfield code="C">400</subfield>
  </datafield>
  <datafield tag="GPN" ind1="1" ind2=" ">
    <subfield code="a">Metzler, Carl L.</subfield>
    <subfield code="d">1761-1833</subfield>
    <subfield code="A">GND</subfield>
    <subfield code="B">GND-116620153</subfield>
    <subfield code="C">400</subfield>
  </datafield>
  <datafield tag="GPN" ind1="1" ind2=" ">
    <subfield code="a">Mezler, Johann Georg</subfield>
    <subfield code="d">1761-1833</subfield>
    <subfield code="A">GND</subfield>
    <subfield code="B">GND-116620153</subfield>
    <subfield code="C">400</subfield>
  </datafield>
  <datafield tag="GPN" ind1="1" ind2=" ">
    <subfield code="a">Mezler, Johann Georg Karl</subfield>
    <subfield code="d">1761-1833</subfield>
    <subfield code="A">GND</subfield>
    <subfield code="B">GND-116620153</subfield>
    <subfield code="C">400</subfield>
  </datafield>
  <datafield tag="GPN" ind1="1" ind2=" ">
    <subfield code="a">Metzler, Johann Georg</subfield>
    <subfield code="d">1761-1833</subfield>
    <subfield code="A">GND</subfield>
    <subfield code="B">GND-116620153</subfield>
    <subfield code="C">400</subfield>
  </datafield>
  <datafield tag="GPN" ind1="1" ind2=" ">
    <subfield code="a">Giesecke, Karl Ludwig</subfield>
    <subfield code="d">1761-1833</subfield>
    <subfield code="A">GND</subfield>
    <subfield code="B">GND-116620153</subfield>
    <subfield code="C">400</subfield>
  </datafield>
  <datafield tag="GPN" ind1="1" ind2=" ">
    <subfield code="a">Giesecke, Charles Louis</subfield>
    <subfield code="d">1761-1833</subfield>
    <subfield code="A">GND</subfield>
    <subfield code="B">GND-116620153</subfield>
    <subfield code="C">400</subfield>
  </datafield>
  <datafield tag="GPN" ind1="1" ind2=" ">
    <subfield code="a">Gisecke, Ludwig</subfield>
    <subfield code="d">1761-1833</subfield>
    <subfield code="A">GND</subfield>
    <subfield code="B">GND-116620153</subfield>
    <subfield code="C">400</subfield>
  </datafield>
  <datafield tag="GPN" ind1="1" ind2=" ">
    <subfield code="a">Giesecke, J. G. K. L.</subfield>
    <subfield code="d">1761-1833</subfield>
    <subfield code="A">GND</subfield>
    <subfield code="B">GND-116620153</subfield>
    <subfield code="C">400</subfield>
  </datafield>
  <datafield tag="GSI" ind1="7" ind2=" ">
    <subfield code="a">116620153</subfield>
    <subfield code="0">http://d-nb.info/gnd/116620153</subfield>
    <subfield code="2">gnd</subfield>
    <subfield code="A">GND</subfield>
    <subfield code="B">GND-116620153</subfield>
    <subfield code="C">024</subfield>
  </datafield>
  <datafield tag="GPN" ind1="1" ind2=" ">
    <subfield code="a">Pepoli, Alessandro</subfield>
    <subfield code="d">1757-1796</subfield>
    <subfield code="A">GND</subfield>
    <subfield code="B">GND-123633206</subfield>
    <subfield code="C">400</subfield>
  </datafield>
  <datafield tag="GPN" ind1="1" ind2=" ">
    <subfield code="a">Pepoli, Alessandro E.</subfield>
    <subfield code="d">1757-1796</subfield>
    <subfield code="A">GND</subfield>
    <subfield code="B">GND-123633206</subfield>
    <subfield code="C">400</subfield>
  </datafield>
  <datafield tag="GSI" ind1="7" ind2=" ">
    <subfield code="a">http://d-nb.info/gnd/123633206</subfield>
    <subfield code="2">uri</subfield>
    <subfield code="A">GND</subfield>
    <subfield code="B">GND-123633206</subfield>
    <subfield code="C">024</subfield>
  </datafield>
  <datafield tag="GPN" ind1="1" ind2=" ">
    <subfield code="a">Winter, Pierre</subfield>
    <subfield code="d">1754-1825</subfield>
    <subfield code="A">GND</subfield>
    <subfield code="B">GND-119055716</subfield>
    <subfield code="C">400</subfield>
  </datafield>
  <datafield tag="GPN" ind1="1" ind2=" ">
    <subfield code="a">Winter, Pietro</subfield>
    <subfield code="d">1754-1825</subfield>
    <subfield code="A">GND</subfield>
    <subfield code="B">GND-119055716</subfield>
    <subfield code="C">400</subfield>
  </datafield>
  <datafield tag="GPN" ind1="1" ind2=" ">
    <subfield code="a">Wintter, P.</subfield>
    <subfield code="d">1754-1825</subfield>
    <subfield code="A">GND</subfield>
    <subfield code="B">GND-119055716</subfield>
    <subfield code="C">400</subfield>
  </datafield>
  <datafield tag="GPN" ind1="1" ind2=" ">
    <subfield code="a">Winter, J. P.</subfield>
    <subfield code="d">1754-1825</subfield>
    <subfield code="A">GND</subfield>
    <subfield code="B">GND-119055716</subfield>
    <subfield code="C">400</subfield>
  </datafield>
  <datafield tag="GPN" ind1="1" ind2=" ">
    <subfield code="a">Winter, P.</subfield>
    <subfield code="d">1754-1825</subfield>
    <subfield code="A">GND</subfield>
    <subfield code="B">GND-119055716</subfield>
    <subfield code="C">400</subfield>
  </datafield>
  <datafield tag="GPN" ind1="1" ind2=" ">
    <subfield code="a">Winter, ...</subfield>
    <subfield code="d">1754-1825</subfield>
    <subfield code="A">GND</subfield>
    <subfield code="B">GND-119055716</subfield>
    <subfield code="C">400</subfield>
  </datafield>
  <datafield tag="GPN" ind1="1" ind2=" ">
    <subfield code="a">Winter, ...</subfield>
    <subfield code="c">Ritter von</subfield>
    <subfield code="d">1754-1825</subfield>
    <subfield code="A">GND</subfield>
    <subfield code="B">GND-119055716</subfield>
    <subfield code="C">400</subfield>
  </datafield>
  <datafield tag="GPN" ind1="1" ind2=" ">
    <subfield code="a">Winter, Peter</subfield>
    <subfield code="d">1754-1825</subfield>
    <subfield code="A">GND</subfield>
    <subfield code="B">GND-119055716</subfield>
    <subfield code="C">400</subfield>
  </datafield>
  <datafield tag="GPN" ind1="1" ind2=" ">
    <subfield code="a">Winter, Pietro &lt;&lt;de&gt;&gt;</subfield>
    <subfield code="d">1754-1825</subfield>
    <subfield code="A">GND</subfield>
    <subfield code="B">GND-119055716</subfield>
    <subfield code="C">400</subfield>
  </datafield>
  <datafield tag="GPN" ind1="1" ind2=" ">
    <subfield code="a">Von Winter, Peter</subfield>
    <subfield code="d">1754-1825</subfield>
    <subfield code="A">GND</subfield>
    <subfield code="B">GND-119055716</subfield>
    <subfield code="C">400</subfield>
  </datafield>
  <datafield tag="GSI" ind1="7" ind2=" ">
    <subfield code="a">119055716</subfield>
    <subfield code="0">http://d-nb.info/gnd/119055716</subfield>
    <subfield code="2">gnd</subfield>
    <subfield code="A">GND</subfield>
    <subfield code="B">GND-119055716</subfield>
    <subfield code="C">024</subfield>
  </datafield>
</record>